<record><leader>00000cas a22000007a 4500</leader><controlfield tag="001">11768014</controlfield><controlfield tag="008">850306d18381848mauwr ne      0    0eng d</controlfield><datafield ind1=" " ind2=" " tag="010"><subfield code="a">sn 85033212 </subfield></datafield><datafield ind1=" " ind2=" " tag="040"><subfield code="a">NPU</subfield><subfield code="b">eng</subfield><subfield code="c">NPU</subfield><subfield code="d">MGN</subfield><subfield code="d">NYS</subfield><subfield code="d">KRTAS</subfield><subfield code="d">OCLCQ</subfield></datafield><datafield ind1=" " ind2=" " tag="042"><subfield code="a">msc</subfield></datafield><datafield ind1="0" ind2=" " tag="130"><subfield code="a">Watchtower (Newburyport, Mass.)</subfield></datafield><datafield ind1="1" ind2="4" tag="245"><subfield code="a">The watchtower.</subfield></datafield><datafield ind1=" " ind2=" " tag="260"><subfield code="a">Newburyport, Mass. :</subfield><subfield code="b">Hiram Tozer</subfield></datafield><datafield ind1=" " ind2=" " tag="300"><subfield code="a">v. ;</subfield><subfield code="c">55 cm.</subfield></datafield><datafield ind1=" " ind2=" " tag="310"><subfield code="a">Weekly</subfield></datafield><datafield ind1="0" ind2=" " tag="362"><subfield code="a">Vol. 1, no. 1 (Jan. 5, 1838)-v. 10, no. 11 (May 26, 1848).</subfield></datafield><datafield ind1=" " ind2=" " tag="500"><subfield code="a">Published at Georgetown and Newburyport, Mass., &lt;June 26, 1846&gt;-1848.</subfield></datafield><datafield ind1=" " ind2=" " tag="500"><subfield code="a">"Devoted to Christianity, mortality, education, agriculture, and foreign and domestic news."</subfield></datafield><datafield ind1=" " ind2=" " tag="500"><subfield code="a">Publishers: H.A. Woodman &amp; W.W. Kellogg, &lt;1846&gt;.</subfield></datafield><datafield ind1=" " ind2=" " tag="500"><subfield code="a">Editors: Roger S. Howard, David P. Page, &lt;1838&gt;.</subfield></datafield><datafield ind1=" " ind2=" " tag="752"><subfield code="a">United States</subfield><subfield code="b">Massachusetts</subfield><subfield code="c">Essex</subfield><subfield code="d">Georgetown.</subfield></datafield><datafield ind1=" " ind2=" " tag="752"><subfield code="a">United States</subfield><subfield code="b">Massachusetts</subfield><subfield code="c">Essex</subfield><subfield code="d">Newburyport.</subfield></datafield><datafield ind1="0" ind2="0" tag="780"><subfield code="t">Essex north register and family monitor</subfield><subfield code="w">(DLC)sn 86071681</subfield></datafield><datafield ind1="0" ind2="0" tag="785"><subfield code="t">Massachusetts observer</subfield><subfield code="w">(DLC)sn 92056775</subfield></datafield><datafield ind1=" " ind2=" " tag="938"><subfield code="a">Kirtas Technologies, Inc.</subfield><subfield code="b">KRTS</subfield><subfield code="n">739041</subfield></datafield><datafield ind1="1" ind2=" " tag="029"><subfield code="a">AU@</subfield><subfield code="b">000020368441</subfield></datafield></record>